% This file was created with JabRef 2.10b2.
% Encoding: UTF-8


@Article{Abraham2014,
  Title                    = {Machine learning for neuroimaging with scikit-learn.},
  Author                   = {Abraham, Alexandre and Pedregosa, Fabian and Eickenberg, Michael and Gervais, Philippe and Mueller, Andreas and Kossaifi, Jean and Gramfort, Alexandre and Thirion, Bertrand and Varoquaux, Ga{\"{e}}l},
  Journal                  = {Front Neuroinform},
  Year                     = {2014},
  Pages                    = {14},
  Volume                   = {8},
  Doi                      = {10.3389/fninf.2014.00014},
  Institution              = {Parietal Team, INRIA Saclay-ÃŽle-de-France Saclay, France ; Neurospin, I2 BM, DSV, CEA Gif-Sur-Yvette, France.},
  Language                 = {eng},
  Medline-pst              = {epublish},
  Owner                    = {bertrand},
  Pmid                     = {24600388},
  Timestamp                = {2015.05.05},
}
%  Url                      = {http://dx.doi.org/10.3389/fninf.2014.00014}

@Article{Anderson2001,
  Title                    = {Permutation tests for linear models},
  Author                   = {Anderson, Marti J and Robinson, John},
  Journal                  = {Australian \& New Zealand Journal of Statistics},
  Year                     = {2001},
  Number                   = {1},
  Pages                    = {75--88},
  Volume                   = {43},

  Publisher                = {Wiley Online Library}
}

@InProceedings{borghesani:hal-00986606,
  Title                    = {{A perceptual-to-conceptual gradient of word coding along the ventral path}},
  Author                   = {Borghesani, Valentina and Pedregosa, Fabian and Eger, Evelyn and Buiatti, Marco and Piazza, Manuela},
  Booktitle                = {{Pattern Recognition in Neuroimaging}},
  Year                     = {2014},

  Address                  = {Tubingen, Germany},
  Month                    = Jun,
  Publisher                = {{IEEE}},

  File                     = {PRNI2014_1_.pdf:https\://hal.inria.fr/hal-00986606/file/PRNI2014_1_.pdf:PDF},
  Hal_id                   = {hal-00986606},
  Hal_version              = {v1},
  Keywords                 = {fMRI ; decoding ; representational similarity analysis ; semantic representations},
}
%  Url                      = {https://hal.inria.fr/hal-00986606}

@Article{Cox2003,
  Title                    = {Functional magnetic resonance imaging (f{MRI}) "brain reading": detecting and classifying distributed patterns of f{MRI} activity in human visual cortex.},
  Author                   = {Cox, David D. and Savoy, Robert L.},
  Journal                  = {Neuroimage},
  Year                     = {2003},

  Month                    = {Jun},
  Number                   = {2 Pt 1},
  Pages                    = {261--270},
  Volume                   = {19},

  Institution              = {Rowland Institute for Science, Cambridge, MA 02142, USA. davidcox@mit.edu},
  Keywords                 = {Adult; Brain Mapping, methods; Discrimination Learning, physiology; Female; Humans; Image Processing, Computer-Assisted, statistics /&/ numerical data; Magnetic Resonance Imaging, statistics /&/ numerical data; Male; Mathematical Computing; Middle Aged; Multivariate Analysis; Pattern Recognition, Visual, physiology; Regional Blood Flow, physiology; Sensitivity and Specificity; Visual Cortex, blood supply/physiology},
  Language                 = {eng},
  Medline-pst              = {ppublish},
  Owner                    = {bertrand},
  Pii                      = {S1053811903000491},
  Pmid                     = {12814577},
  Timestamp                = {2015.05.04}
}

@Article{Haxby2001,
  Title                    = {Distributed and overlapping representations of faces and objects in ventral temporal cortex.},
  Author                   = {Haxby, J. V. and Gobbini, M. I. and Furey, M. L. and Ishai, A. and Schouten, J. L. and Pietrini, P.},
  Journal                  = {Science},
  Year                     = {2001},

  Month                    = {Sep},
  Number                   = {5539},
  Pages                    = {2425--2430},
  Volume                   = {293},

  Doi                      = {10.1126/science.1063736},
  Institution              = {Laboratory of Brain and Cognition, National Institute of Mental Health, National Institutes of Health, Bethesda, MD 20892, USA. haxby@nih.gov},
  Keywords                 = {Brain Mapping; Face; Female; Form Perception; Humans; Magnetic Resonance Imaging; Male; Pattern Recognition, Visual; Recognition (Psychology); Temporal Lobe, physiology; Visual Pathways},
  Language                 = {eng},
  Medline-pst              = {ppublish},
  Owner                    = {bertrand},
  Pii                      = {293/5539/2425},
  Pmid                     = {11577229},
  Timestamp                = {2015.05.04},
}
%  Url                      = {http://dx.doi.org/10.1126/science.1063736}

@Article{Haynes2006,
  Title                    = {Decoding mental states from brain activity in humans.},
  Author                   = {Haynes, John-Dylan and Rees, Geraint},
  Journal                  = {Nat Rev Neurosci},
  Year                     = {2006},

  Month                    = {Jul},
  Number                   = {7},
  Pages                    = {523--534},
  Volume                   = {7},

  Doi                      = {10.1038/nrn1931},
  Institution              = {Max Planck Institute for Cognitive and Brain Sciences, Stephanstrasse 1a, 04103 Leipzig, Germany. haynes@cbs.mpg.de},
  Keywords                 = {Brain Mapping, methods; Brain, physiology; Consciousness, physiology; Humans; Magnetic Resonance Imaging, methods; Mental Processes, physiology; Photic Stimulation, methods; Visual Perception, physiology},
  Language                 = {eng},
  Medline-pst              = {ppublish},
  Owner                    = {bertrand},
  Pii                      = {nrn1931},
  Pmid                     = {16791142},
  Timestamp                = {2015.05.04},
}
%  Url                      = {http://dx.doi.org/10.1038/nrn1931}

@Article{Kriegeskorte2009,
  Title                    = {Relating Population-Code Representations between Man, Monkey, and Computational Models.},
  Author                   = {Kriegeskorte, Nikolaus},
  Journal                  = {Front Neurosci},
  Year                     = {2009},
  Number                   = {3},
  Pages                    = {363--373},
  Volume                   = {3},

  Doi                      = {10.3389/neuro.01.035.2009},
  Institution              = {Medical Research Council Cognition and Brain Sciences Unit Cambridge, UK.},
  Language                 = {eng},
  Medline-pst              = {epublish},
  Owner                    = {bertrand},
  Pmid                     = {20198153},
  Timestamp                = {2015.05.04},
}
%  Url                      = {http://dx.doi.org/10.3389/neuro.01.035.2009}

@Article{Kriegeskorte2008,
  Title                    = {Representational similarity analysis - connecting the branches of systems neuroscience.},
  Author                   = {Kriegeskorte, Nikolaus and Mur, Marieke and Bandettini, Peter},
  Journal                  = {Front Syst Neurosci},
  Year                     = {2008},
  Pages                    = {4},
  Volume                   = {2},

  Doi                      = {10.3389/neuro.06.004.2008},
  Institution              = {Section on Functional Imaging Methods, Laboratory of Brain and Cognition, National Institute of Mental Health, National Institutes of Health Bethesda, MD, USA.},
  Language                 = {eng},
  Medline-pst              = {epublish},
  Owner                    = {bertrand},
  Pmid                     = {19104670},
  Timestamp                = {2015.05.04},
}
%   Url                      = {http://dx.doi.org/10.3389/neuro.06.004.2008}

@Article{Naselaris2011,
  Title                    = {Encoding and decoding in f{MRI}.},
  Author                   = {Naselaris, Thomas and Kay, Kendrick N. and Nishimoto, Shinji and Gallant, Jack L.},
  Journal                  = {Neuroimage},
  Year                     = {2011},

  Month                    = {May},
  Number                   = {2},
  Pages                    = {400--410},
  Volume                   = {56},
  Doi                      = {10.1016/j.neuroimage.2010.07.073},
  Institution              = {Helen Wills Neuroscience Institute, University of California, Berkeley, CA 94720, USA.},
  Keywords                 = {Brain Mapping, methods; Brain, physiology; Humans; Image Processing, Computer-Assisted, methods; Magnetic Resonance Imaging; Models, Neurological},
  Language                 = {eng},
  Medline-pst              = {ppublish},
  Owner                    = {bertrand},
  Pii                      = {S1053-8119(10)01065-7},
  Pmid                     = {20691790},
  Timestamp                = {2015.05.04}
}
%   Url                      = {http://dx.doi.org/10.1016/j.neuroimage.2010.07.073}

@Article{Nili2014,
  Title                    = {A toolbox for representational similarity analysis.},
  Author                   = {Nili, Hamed and Wingfield, Cai and Walther, Alexander and Su, Li and Marslen-Wilson, William and Kriegeskorte, Nikolaus},
  Journal                  = {PLoS Comput Biol},
  Year                     = {2014},

  Month                    = {Apr},
  Number                   = {4},
  Pages                    = {e1003553},
  Volume                   = {10},

  __markedentry            = {[bt206016:6]},
  Doi                      = {10.1371/journal.pcbi.1003553},
  Institution              = {MRC Cognition and Brain Sciences Unit, Cambridge, United Kingdom.},
  Keywords                 = {Automatic Data Processing; Brain, cytology/physiology; Computer Simulation; Humans; Models, Theoretical},
  Language                 = {eng},
  Medline-pst              = {epublish},
  Owner                    = {bt206016},
  Pii                      = {PCOMPBIOL-D-13-00048},
  Pmid                     = {24743308},
  Timestamp                = {2015.05.05},
}
%   Url                      = {http://dx.doi.org/10.1371/journal.pcbi.1003553}

@Article{varoquaux:hal-01094737,
  Title                    = {{How machine learning is shaping cognitive neuroimaging}},
  Author                   = {Varoquaux, Gael and Thirion, Bertrand},
  Journal                  = {{GigaScience}},
  Year                     = {2014},
  Pages                    = {28},
  Volume                   = {3},

  Doi                      = {10.1007/s12021-008-9041-y},
  File                     = {paper.pdf:https\://hal.inria.fr/hal-01094737/file/paper.pdf:PDF},
  Hal_id                   = {hal-01094737},
  Hal_version              = {v1},
  Keywords                 = {decoding ; encoding ; fMRI ; machine learning ; neuroimaging ; cognition},
  Publisher                = {{BioMed Central}},
}
%   Url                      = {https://hal.inria.fr/hal-01094737}

